

@INPROCEEDINGS{Compar_tensorflow_Pytorch,
  author={Chirodea, Mihai Cristian and Novac, Ovidiu Constantin and Novac, Cornelia Mihaela and Bizon, Nicu and Oproescu, Mihai and Gordan, Cornelia Emilia},
  booktitle={2021 13th International Conference on Electronics, Computers and Artificial Intelligence (ECAI)}, 
  title={Comparison of Tensorflow and PyTorch in Convolutional Neural Network - based Applications}, 
  year={2021},
  volume={},
  number={},
  pages={1-6},
  doi={10.1109/ECAI52376.2021.9515098}}


author = {Diakonikolas, Ilias and Kamath, Gautam and Kane, Daniel M. and Li, Jerry and Moitra, Ankur and Stewart, Alistair},
title = {Robustness Meets Algorithms},
year = {2021},
issue_date = {May 2021},
publisher = {Association for Computing Machinery},
address = {New York, NY, USA},
volume = {64},
number = {5},
issn = {0001-0782},
url = {https://doi.org/10.1145/3453935},
doi = {10.1145/3453935},
journal = {Commun. ACM},
month = {apr},
pages = {107–115},
numpages = {9}
}

@article{lustosa2021sneak,
  title={SNEAK: Faster Interactive Search-based SE},
  author={Lustosa, Andre and Patel, Jaydeep and Malapati, Venkata Sai Teja and Menzies, Tim},
  journal={arXiv preprint arXiv:2110.02922},
  year={2021}
}


@article{peng2021xfair,
  title={xFAIR: Better Fairness via Model-based Rebalancing of Protected Attributes},
  author={Peng, Kewen and Chakraborty, Joymallya and Menzies, Tim},
  journal={arXiv preprint arXiv:2110.01109},
  year={2021}
}


@article{shu2022dazzle,
  title={Dazzle: Using Optimized Generative Adversarial Networks to Address Security Data Class Imbalance Issue},
  author={Shu, Rui and Xia, Tianpei and Williams, Laurie and Menzies, Tim},
  journal={arXiv preprint arXiv:2203.11410},
  year={2022}
}

@article{shu2022omni,
  title={Omni: automated ensemble with unexpected models against adversarial evasion attack},
  author={Shu, Rui and Xia, Tianpei and Williams, Laurie and Menzies, Tim},
  journal={Empirical Software Engineering},
  volume={27},
  number={1},
  pages={1--32},
  year={2022},
  publisher={Springer}
}




@article{yedida2022improve,
  title={How to Improve Deep Learning for Software Analytics (a case study with code smell detection)},
  author={Yedida, Rahul and Menzies, Tim},
  journal={arXiv preprint arXiv:2202.01322},
  year={2022}
}




@article{majumder2022revisiting,
  title={Revisiting process versus product metrics: a large scale analysis},
  author={Majumder, Suvodeep and Mody, Pranav and Menzies, Tim},
  journal={Empirical Software Engineering},
  volume={27},
  number={3},
  pages={1--42},
  year={2022},
  publisher={Springer}
}



@article{shu2022reducing,
  title={Reducing the Cost of Training Security Classifier (via Optimized Semi-Supervised Learning)},
  author={Shu, Rui and Xia, Tianpei and Tu, Huy and Williams, Laurie and Menzies, Tim},
  journal={arXiv preprint arXiv:2205.00665},
  year={2022}
}


@article{yu2020identifying,
  title={Identifying self-admitted technical debts with jitterbug: A two-step approach},
  author={Yu, Zhe and Fahid, Fahmid Morshed and Tu, Huy and Menzies, Tim},
  journal={IEEE Transactions on Software Engineering},
  year={2020},
  publisher={IEEE}
}



@article{ren2019neural,
  title={Neural network-based detection of self-admitted technical debt: From performance to explainability},
  author={Ren, Xiaoxue and Xing, Zhenchang and Xia, Xin and Lo, David and Wang, Xinyu and Grundy, John},
  journal={ACM transactions on software engineering and methodology (TOSEM)},
  volume={28},
  number={3},
  pages={1--45},
  year={2019},
  publisher={ACM New York, NY, USA}
}


@article{tu2022debtfree,
  title={DebtFree: minimizing labeling cost in self-admitted technical debt identification using semi-supervised learning},
  author={Tu, Huy and Menzies, Tim},
  journal={Empirical Software Engineering},
  volume={27},
  number={4},
  pages={1--37},
  year={2022},
  publisher={Springer}
}

@article{xia2022predicting,
  title={Predicting health indicators for open source projects (using hyperparameter optimization)},
  author={Xia, Tianpei and Fu, Wei and Shu, Rui and Agrawal, Rishabh and Menzies, Tim},
  journal={Empirical Software Engineering},
  volume={27},
  number={6},
  pages={1--31},
  year={2022},
  publisher={Springer}
}


@INPROCEEDINGS{limitation_adversarial_setting,
  author={Papernot, Nicolas and McDaniel, Patrick and Jha, Somesh and Fredrikson, Matt and Celik, Z. Berkay and Swami, Ananthram},
  booktitle={2016 IEEE European Symposium on Security and Privacy (EuroS\&P)}, 
  title={The Limitations of Deep Learning in Adversarial Settings}, 
  year={2016},
  pages={372-387},
  doi={10.1109/EuroSP.2016.36}}
  
  
  
  @inproceedings{NEURIPS2019_GeoCert,
 author = {Jordan, Matt and Lewis, Justin and Dimakis, Alexandros G},
 booktitle = {Advances in Neural Information Processing Systems},
 editor = {H. Wallach and H. Larochelle and A. Beygelzimer and F. d\textquotesingle Alch\'{e}-Buc and E. Fox and R. Garnett},
 pages = {},
 publisher = {Curran Associates, Inc.},
 title = {Provable Certificates for Adversarial Examples: Fitting a Ball in the Union of Polytopes},
 url = {https://proceedings.neurips.cc/paper/2019/file/ae3f4c649fb55c2ee3ef4d1abdb79ce5-Paper.pdf},
 volume = {32},
 year = {2019}
}


@inproceedings{katz2017reluplex,
  title={Reluplex: An efficient SMT solver for verifying deep neural networks},
  author={Katz, Guy and Barrett, Clark and Dill, David L and Julian, Kyle and Kochenderfer, Mykel J},
  booktitle={International conference on computer aided verification},
  pages={97--117},
  year={2017},
  organization={Springer}
}

@article{tjeng2017evaluating,
  title={Evaluating robustness of neural networks with mixed integer programming},
  author={Tjeng, Vincent and Xiao, Kai and Tedrake, Russ},
  journal={arXiv preprint arXiv:1711.07356},
  year={2017}
}
@INPROCEEDINGS{AI2,
  author={Gehr, Timon and Mirman, Matthew and Drachsler-Cohen, Dana and Tsankov, Petar and Chaudhuri, Swarat and Vechev, Martin},
  booktitle={2018 IEEE Symposium on Security and Privacy (SP)}, 
  title={AI2: Safety and Robustness Certification of Neural Networks with Abstract Interpretation}, 
  year={2018},
  volume={},
  number={},
  pages={3-18},
  doi={10.1109/SP.2018.00058}}


@inproceedings {ReluVal,
author = {Shiqi Wang and Kexin Pei and Justin Whitehouse and Junfeng Yang and Suman Jana},
title = {Formal Security Analysis of Neural Networks using Symbolic Intervals},
booktitle = {27th USENIX Security Symposium (USENIX Security 18)},
year = {2018},
isbn = {978-1-939133-04-5},
address = {Baltimore, MD},
pages = {1599--1614},
url = {https://www.usenix.org/conference/usenixsecurity18/presentation/wang-shiqi},
publisher = {USENIX Association},
month = aug,
}


@article{Robustness_Meet_Alg,
author = {Diakonikolas, Ilias and Kamath, Gautam and Kane, Daniel M. and Li, Jerry and Moitra, Ankur and Stewart, Alistair},
title = {Robustness Meets Algorithms},
year = {2021},
issue_date = {May 2021},
publisher = {Association for Computing Machinery},
address = {New York, NY, USA},
volume = {64},
number = {5},
issn = {0001-0782},
url = {https://doi.org/10.1145/3453935},
doi = {10.1145/3453935},
journal = {Commun. ACM},
month = {apr},
pages = {107–115},
numpages = {9}
}