
@article{li2021perils,
  title = {The {{Perils}} and {{Pitfalls}} of {{Block Design}} for {{EEG Classification Experiments}}},
  author = {Li, Ren and Johansen, Jared S. and Ahmed, Hamad and Ilyevsky, Thomas V. and Wilbur, Ronnie B. and Bharadwaj, Hari M. and Siskind, Jeffrey Mark},
  date = {2021},
  journaltitle = {IEEE Transactions on Pattern Analysis and Machine Intelligence},
  volume = {43},
  number = {1},
  pages = {316--333},
  doi = {10.1109/TPAMI.2020.2973153}
}

@inproceedings{monajatipoor2021berthop,
  title = {{{BERTHop}}: {{An Effective Vision-and-Language Model}} for {{Chest X-ray Disease Diagnosis}}},
  shorttitle = {{{BERTHop}}},
  booktitle = {2021 {{IEEE}}/{{CVF International Conference}} on {{Computer Vision Workshops}} ({{ICCVW}})},
  author = {Monajatipoor, Masoud and Rouhsedaghat, Mozhdeh and Li, Liunian Harold and Chien, Aichi and Jay Kuo, C.-C. and Scalzo, Fabien and Chang, Kai-Wei},
  date = {2021},
  pages = {3327--3336},
  doi = {10.1109/ICCVW54120.2021.00372}
}

@inproceedings{sun2021lesionaware,
  title = {Lesion-{{Aware Transformers}} for {{Diabetic Retinopathy Grading}}},
  booktitle = {2021 {{IEEE}}/{{CVF Conference}} on {{Computer Vision}} and {{Pattern Recognition}} ({{CVPR}})},
  author = {Sun, Rui and Li, Yihao and Zhang, Tianzhu and Mao, Zhendong and Wu, Feng and Zhang, Yongdong},
  date = {2021-06},
  pages = {10933--10942},
  doi = {10.1109/CVPR46437.2021.01079}
}



@incollection{xie2020distant,
  title = {Distant {{Supervision}} for {{Multi-Stage Fine-Tuning}} in {{Retrieval-Based Question Answering}}},
  booktitle = {Proceedings of {{The Web Conference}} 2020},
  author = {Xie, Yuqing and Yang, Wei and Tan, Luchen and Xiong, Kun and Yuan, Nicholas Jing and Huai, Baoxing and Li, Ming and Lin, Jimmy},
  date = {2020-04-20},
  pages = {2934--2940},
  publisher = {{Association for Computing Machinery}},
  location = {{New York, NY, USA}}
}


@inproceedings{jiang2020robust,
  title = {Robust {{Pre-Training}} by {{Adversarial Contrastive Learning}}},
  booktitle = {Advances in {{Neural Information Processing Systems}}},
  author = {Jiang, Ziyu and Chen, Tianlong and Chen, Ting and Wang, Zhangyang},
  date = {2020},
  volume = {33},
  pages = {16199--16210},
  publisher = {{Curran Associates, Inc.}}
}


@inproceedings{chen2020adversarial,
  title = {Adversarial {{Robustness}}: {{From Self-Supervised Pre-Training}} to {{Fine-Tuning}}},
  shorttitle = {Adversarial {{Robustness}}},
  booktitle = {2020 {{IEEE}}/{{CVF Conference}} on {{Computer Vision}} and {{Pattern Recognition}} ({{CVPR}})},
  author = {Chen, Tianlong and Liu, Sijia and Chang, Shiyu and Cheng, Yu and Amini, Lisa and Wang, Zhangyang},
  date = {2020-06},
  pages = {696--705},
  doi = {10.1109/CVPR42600.2020.00078}
}



@inproceedings{dong2021how,
  title = {How {{Should Pre-Trained Language Models Be Fine-Tuned Towards Adversarial Robustness}}?},
  booktitle = {Advances in {{Neural Information Processing Systems}}},
  author = {Dong, Xinshuai and Luu, Anh Tuan and Lin, Min and Yan, Shuicheng and Zhang, Hanwang},
  date = {2021},
  volume = {34},
  pages = {4356--4369},
  publisher = {{Curran Associates, Inc.}}
}


@inproceedings{jeddi2020learn2perturb,
  title = {{{Learn2Perturb}}: {{An End-to-End Feature Perturbation Learning}} to {{Improve Adversarial Robustness}}},
  shorttitle = {{{Learn2Perturb}}},
  booktitle = {2020 {{IEEE}}/{{CVF Conference}} on {{Computer Vision}} and {{Pattern Recognition}} ({{CVPR}})},
  author = {Jeddi, Ahmadreza and Shafiee, Mohammad Javad and Karg, Michelle and Scharfenberger, Christian and Wong, Alexander},
  date = {2020-06},
  pages = {1238--1247},
  publisher = {{IEEE}},
  location = {{Seattle, WA, USA}},
  doi = {10.1109/CVPR42600.2020.00132}
}



@inproceedings{ma2020normalized,
  title = {Normalized {{Loss Functions}} for {{Deep Learning}} with {{Noisy Labels}}},
  booktitle = {Proceedings of the 37th {{International Conference}} on {{Machine Learning}}},
  author = {Ma, Xingjun and Huang, Hanxun and Wang, Yisen and Romano, Simone and Erfani, Sarah and Bailey, James},
  date = {2020-11-21},
  pages = {6543--6553},
  publisher = {{PMLR}}
}



@article{duesterwald2019exploring,
  Author = {Duesterwald, Evelyn and Murthi, Anupama and Venkataraman, Ganesh and Sinn, Mathieu and Vijaykeerthy, Deepak},
  Journal = {Safe Machine Learning workshop at {ICLR}},
  Title = {Exploring the Hyperparameter Landscape of Adversarial Robustness},
  Year = {2019}}


@inproceedings{al-dujaili2018adversariala,
  title = {Adversarial Deep Learning for Robust Detection of Binary Encoded Malware},
  booktitle = {2018 {{IEEE}} Security and Privacy Workshops},
  author = {Al-Dujaili, Abdullah and Huang, Alex and Hemberg, Erik and O'Reilly, Una-May},
  date = {2018},
  location = { San Francisco, {{CA}}, {{USA}}},
  pages = {76--82},
  publisher = {{IEEE Computer Society}},
  doi = {10.1109/SPW.2018.00020}
}

@inproceedings{chen2018ead,
  title = {{{EAD}}: {{Elastic-net}} Attacks to Deep Neural Networks via Adversarial Examples},
  booktitle = {Proceedings of the Thirty-Second {{AAAI}} Conference on Artificial Intelligence, ({{AAAI-18}})},
  author = {Chen, Pin-Yu and Sharma, Yash and Zhang, Huan and Yi, Jinfeng and Hsieh, Cho-Jui},
  date = {2018},
  pages = {10--17},
  location = {New Orleans, Louisiana, {{USA}}},
  publisher = {{AAAI Press}}
}

@inproceedings{madry2018deep,
  title = {Towards Deep Learning Models Resistant to Adversarial Attacks},
  booktitle = {6th International Conference on Learning Representations},
  author = {Madry, Aleksander and Makelov, Aleksandar and Schmidt, Ludwig and Tsipras, Dimitris and Vladu, Adrian},
  date = {2018},
  publisher = {OpenReview.net}
}



@inproceedings{goodfellow2015explaining,
  title = {Explaining and Harnessing Adversarial Examples},
  booktitle = {3rd International Conference on Learning Representations},
  author = {Goodfellow, Ian J. and Shlens, Jonathon and Szegedy, Christian},
  date = {2015},
  bibsource = {dblp computer science bibliography, https://dblp.org},
  biburl = {https://dblp.org/rec/journals/corr/GoodfellowSS14.bib}
}




@inproceedings{schneider2020improving,
  title = {Improving Robustness against Common Corruptions by Covariate Shift Adaptation},
  booktitle = {Advances in {{Neural Information Processing Systems}}},
  author = {Schneider, Steffen and Rusak, Evgenia and Eck, Luisa and Bringmann, Oliver and Brendel, Wieland and Bethge, Matthias},
  date = {2020},
  volume = {33},
  pages = {11539--11551},
  publisher = {{Curran Associates, Inc.}}
}


@inproceedings{yang2021bodmas,
  title = {{{BODMAS}}: {{An Open Dataset}} for {{Learning}} Based {{Temporal Analysis}} of {{PE Malware}}},
  shorttitle = {{{BODMAS}}},
  booktitle = {2021 {{IEEE Security}} and {{Privacy Workshops}} ({{SPW}})},
  author = {Yang, Limin and Ciptadi, Arridhana and Laziuk, Ihar and Ahmadzadeh, Ali and Wang, Gang},
  date = {2021-05},
  pages = {78--84},
  publisher = {{IEEE}},
  location = {{San Francisco, CA, USA}},
  doi = {10.1109/SPW53761.2021.00020}
}

