@misc{NIPS2018shiqi,
  doi = {10.48550/ARXIV.1809.08098},
  url = {https://arxiv.org/abs/1809.08098},
  author = {Wang, Shiqi and Pei, Kexin and Whitehouse, Justin and Yang, Junfeng and Jana, Suman},
  title = {Efficient Formal Safety Analysis of Neural Networks},
  year = {2018}
}

@inproceedings{zheng2016improving,
  title={Improving the robustness of deep neural networks via stability training},
  author={Zheng, Stephan and Song, Yang and Leung, Thomas and Goodfellow, Ian},
  booktitle={Proceedings of the ieee conference on computer vision and pattern recognition},
  pages={4480--4488},
  year={2016}
}


@article{guidotti2020verification,
  title={Verification of neural networks: enhancing scalability through pruning},
  author={Guidotti, Dario and Leofante, Francesco and Pulina, Luca and Tacchella, Armando},
  journal={arXiv preprint arXiv:2003.07636},
  year={2020}
}


@article{wang2020compressing,
  title={Compressing deep networks by neuron agglomerative clustering},
  author={Wang, Li-Na and Liu, Wenxue and Liu, Xiang and Zhong, Guoqiang and Roy, Partha Pratim and Dong, Junyu and Huang, Kaizhu},
  journal={Sensors},
  volume={20},
  number={21},
  pages={6033},
  year={2020},
  publisher={MDPI}
}

@inproceedings{glorot2010understanding,
  title={Understanding the difficulty of training deep feedforward neural networks},
  author={Glorot, Xavier and Bengio, Yoshua},
  booktitle={Proceedings of the thirteenth international conference on artificial intelligence and statistics},
  pages={249--256},
  year={2010},
  organization={JMLR Workshop and Conference Proceedings}
}


@incollection{lecun2012efficient,
  title={Efficient backprop},
  author={LeCun, Yann A and Bottou, L{\'e}on and Orr, Genevieve B and M{\"u}ller, Klaus-Robert},
  booktitle={Neural networks: Tricks of the trade},
  pages={9--48},
  year={2012},
  publisher={Springer}
}