@inproceedings{pham2020problems,
  title={Problems and opportunities in training deep learning software systems: An analysis of variance},
  author={Pham, Hung Viet and Qian, Shangshu and Wang, Jiannan and Lutellier, Thibaud and Rosenthal, Jonathan and Tan, Lin and Yu, Yaoliang and Nagappan, Nachiappan},
  booktitle={Proceedings of the 35th IEEE/ACM international conference on automated software engineering},
  pages={771--783},
  year={2020}
}


@inproceedings{zheng2016improving,
  title={Improving the robustness of deep neural networks via stability training},
  author={Zheng, Stephan and Song, Yang and Leung, Thomas and Goodfellow, Ian},
  booktitle={Proceedings of the ieee conference on computer vision and pattern recognition},
  pages={4480--4488},
  year={2016}
}

@inproceedings{Slack20,
  title={Fooling LIME and SHAP: Adversarial Attacks on Post hoc Explanation Methods},
  author={Dylan Slack and
              Sophie Hilgard and
              Emily Jia and
              Sameer Singh and
              Himabindu Lakkaraju},
  booktitle={3rd AAAI/ACM Conference on AI, Ethics, and
  Society},
  year={2020}
}

@article{shu2020omni,
  title={Omni: Automated Ensemble with Unexpected Models against Adversarial Evasion Attack},
  author={Shu, Rui and Xia, Tianpei and Williams, Laurie and Menzies, Tim},
  journal={Empirical Software Engineering},
  year={2022 (to appear}
}

@article{yuan2019adversarial,
  title={Adversarial examples: Attacks and defenses for deep learning},
  author={Yuan, Xiaoyong and He, Pan and Zhu, Qile and Li, Xiaolin},
  journal={IEEE transactions on neural networks and learning systems},
  volume={30},
  number={9},
  pages={2805--2824},
  year={2019},
  publisher={IEEE}
}

@inproceedings{khasawneh2017rhmd,
  title={RHMD: evasion-resilient hardware malware detectors},
  author={Khasawneh, Khaled N and Abu-Ghazaleh, Nael and Ponomarev, Dmitry and Yu, Lei},
  booktitle={Proceedings of the 50th Annual IEEE/ACM International Symposium on Microarchitecture},
  pages={315--327},
  year={2017}
}


@inproceedings{demontis2019adversarial,
  title={Why do adversarial attacks transfer? explaining transferability of evasion and poisoning attacks},
  author={Demontis, Ambra and Melis, Marco and Pintor, Maura and Jagielski, Matthew and Biggio, Battista and Oprea, Alina and Nita-Rotaru, Cristina and Roli, Fabio},
  booktitle={28th $\{$USENIX$\}$ Security Symposium ($\{$USENIX$\}$ Security 19)},
  pages={321--338},
  year={2019}
}



@inproceedings{ICSE2020W_B_Fairness_Test_Adversarial_Sampling,
author = {Zhang, Peixin and Wang, Jingyi and Sun, Jun and Dong, Xingen and Dong, Jin Song and Dai, Ting},
title = {White-Box Fairness Testing through Adversarial Sampling},
year = {2020},
isbn = {9781450371216},
publisher = {Association for Computing Machinery},
address = {New York, NY, USA},
url = {https://doi.org/10.1145/3377811.3380331},
doi = {10.1145/3377811.3380331},
booktitle = {Proceedings of the ACM/IEEE 42nd International Conference on Software Engineering},
pages = {949–960},
numpages = {12},
location = {Seoul, South Korea},
series = {ICSE '20}
}

@inproceedings{juuti2019prada,
  title={PRADA: protecting against DNN model stealing attacks},
  author={Juuti, Mika and Szyller, Sebastian and Marchal, Samuel and Asokan, N},
  booktitle={2019 IEEE European Symposium on Security and Privacy (EuroS\&P)},
  pages={512--527},
  year={2019},
  organization={IEEE}
}

@article{shi2020adaptive,
  title={Adaptive iterative attack towards explainable adversarial robustness},
  author={Shi, Yucheng and Han, Yahong and Zhang, Quanxin and Kuang, Xiaohui},
  journal={Pattern Recognition},
  volume={105},
  pages={107309},
  year={2020},
  publisher={Elsevier}
}

@article{tsipras2018robustness,
  title={Robustness may be at odds with accuracy},
  author={Tsipras, Dimitris and Santurkar, Shibani and Engstrom, Logan and Turner, Alexander and Madry, Aleksander},
  journal={arXiv preprint arXiv:1805.12152},
  year={2018}
}

@inproceedings{papernot2016distillation,
  title={Distillation as a defense to adversarial perturbations against deep neural networks},
  author={Papernot, Nicolas and McDaniel, Patrick and Wu, Xi and Jha, Somesh and Swami, Ananthram},
  booktitle={2016 IEEE Symposium on Security and Privacy (SP)},
  pages={582--597},
  year={2016},
  organization={IEEE}
}

@inproceedings{DBLP:conf/iclr/MetzenGFB17,
  author    = {Jan Hendrik Metzen and
               Tim Genewein and
               Volker Fischer and
               Bastian Bischoff},
  title     = {On Detecting Adversarial Perturbations},
  booktitle = {5th International Conference on Learning Representations, {ICLR}, Conference Track Proceedings},
               year={2017}
}


@article{strauss2017ensemble,
  doi = {10.48550/ARXIV.1709.03423},
  url = {https://arxiv.org/abs/1709.03423},
  author = {Strauss, Thilo and Hanselmann, Markus and Junginger, Andrej and Ulmer, Holger},
  keywords = {Machine Learning (stat.ML), Machine Learning (cs.LG), FOS: Computer and information sciences, FOS: Computer and information sciences},
  title = {Ensemble Methods as a Defense to Adversarial Perturbations Against Deep Neural Networks},
  publisher = {arXiv},
  year = {2017}
}

@article{Robustness_Meet_Alg,
author = {Diakonikolas, Ilias and Kamath, Gautam and Kane, Daniel M. and Li, Jerry and Moitra, Ankur and Stewart, Alistair},
title = {Robustness Meets Algorithms},
year = {2021},
issue_date = {May 2021},
publisher = {Association for Computing Machinery},
address = {New York, NY, USA},
volume = {64},
number = {5},
issn = {0001-0782},
url = {https://doi.org/10.1145/3453935},
doi = {10.1145/3453935},
journal = {Commun. ACM},
month = {apr},
pages = {107–115},
numpages = {9}
}

@INPROCEEDINGS{Compar_tensorflow_Pytorch,
  author={Chirodea, Mihai Cristian and Novac, Ovidiu Constantin and Novac, Cornelia Mihaela and Bizon, Nicu and Oproescu, Mihai and Gordan, Cornelia Emilia},
  booktitle={2021 13th International Conference on Electronics, Computers and Artificial Intelligence (ECAI)}, 
  title={Comparison of Tensorflow and PyTorch in Convolutional Neural Network - based Applications}, 
  year={2021},
  volume={},
  number={},
  pages={1-6},
  doi={10.1109/ECAI52376.2021.9515098}
}
  
 @inproceedings{carlini2017towards,
  title={Towards evaluating the robustness of neural networks},
  author={Carlini, Nicholas and Wagner, David},
  booktitle={2017 ieee symposium on security and privacy (sp)},
  pages={39--57},
  year={2017},
  organization={IEEE}
} 

@misc{NIPS2018shiqi,
  doi = {10.48550/ARXIV.1809.08098},
  url = {https://arxiv.org/abs/1809.08098},
  author = {Wang, Shiqi and Pei, Kexin and Whitehouse, Justin and Yang, Junfeng and Jana, Suman},
  title = {Efficient Formal Safety Analysis of Neural Networks},
  year = {2018}
} 
  
@Article{Kamiran2012,
author="Kamiran, Faisal
and Calders, Toon",
title="Data preprocessing techniques for classification without discrimination",
journal="Knowledge and Information Systems",
year="2012",
month="Oct",
day="01",
volume="33",
number="1",
pages="1--33",
issn="0219-3116",
doi="10.1007/s10115-011-0463-8",
url="https://doi.org/10.1007/s10115-011-0463-8"
}  
  
@article{carlini2019evaluating,
  title={On evaluating adversarial robustness},
  author={Carlini, Nicholas and Athalye, Anish and Papernot, Nicolas and Brendel, Wieland and Rauber, Jonas and Tsipras, Dimitris and Goodfellow, Ian and Madry, Aleksander and Kurakin, Alexey},
  journal={arXiv preprint arXiv:1902.06705},
  year={2019}
}
  
@inproceedings{dong2021how,
  title = {How {{Should Pre-Trained Language Models Be Fine-Tuned Towards Adversarial Robustness}}?},
  booktitle = {Advances in {{Neural Information Processing Systems}}},
  author = {Dong, Xinshuai and Luu, Anh Tuan and Lin, Min and Yan, Shuicheng and Zhang, Hanwang},
  date = {2021},
  volume = {34},
  pages = {4356--4369},
  publisher = {{Curran Associates, Inc.}}
}  
  
@article{guidotti2020verification,
  title={Verification of neural networks: enhancing scalability through pruning},
  author={Guidotti, Dario and Leofante, Francesco and Pulina, Luca and Tacchella, Armando},
  journal={arXiv preprint arXiv:2003.07636},
  year={2020}
}  
  
@article{wang2020compressing,
  title={Compressing deep networks by neuron agglomerative clustering},
  author={Wang, Li-Na and Liu, Wenxue and Liu, Xiang and Zhong, Guoqiang and Roy, Partha Pratim and Dong, Junyu and Huang, Kaizhu},
  journal={Sensors},
  volume={20},
  number={21},
  pages={6033},
  year={2020},
  publisher={MDPI}
}



@inproceedings{katz2017reluplex,
  title={Reluplex: An efficient SMT solver for verifying deep neural networks},
  author={Katz, Guy and Barrett, Clark and Dill, David L and Julian, Kyle and Kochenderfer, Mykel J},
  booktitle={International conference on computer aided verification},
  pages={97--117},
  year={2017},
  organization={Springer}
}

@article{tjeng2017evaluating,
  title={Evaluating robustness of neural networks with mixed integer programming},
  author={Tjeng, Vincent and Xiao, Kai and Tedrake, Russ},
  journal={arXiv preprint arXiv:1711.07356},
  year={2017}
}

@INPROCEEDINGS{AI2,
  author={Gehr, Timon and Mirman, Matthew and Drachsler-Cohen, Dana and Tsankov, Petar and Chaudhuri, Swarat and Vechev, Martin},
  booktitle={2018 IEEE Symposium on Security and Privacy (SP)}, 
  title={AI2: Safety and Robustness Certification of Neural Networks with Abstract Interpretation}, 
  year={2018},
  volume={},
  number={},
  pages={3-18},
  doi={10.1109/SP.2018.00058}}


@inproceedings {ReluVal,
author = {Shiqi Wang and Kexin Pei and Justin Whitehouse and Junfeng Yang and Suman Jana},
title = {Formal Security Analysis of Neural Networks using Symbolic Intervals},
booktitle = {27th USENIX Security Symposium (USENIX Security 18)},
year = {2018},
isbn = {978-1-939133-04-5},
address = {Baltimore, MD},
pages = {1599--1614},
url = {https://www.usenix.org/conference/usenixsecurity18/presentation/wang-shiqi},
publisher = {USENIX Association},
month = aug,
}



@inproceedings{NEURIPS2019_GeoCert,
 author = {Jordan, Matt and Lewis, Justin and Dimakis, Alexandros G},
 booktitle = {Advances in Neural Information Processing Systems},
 editor = {H. Wallach and H. Larochelle and A. Beygelzimer and F. d\textquotesingle Alch\'{e}-Buc and E. Fox and R. Garnett},
 pages = {},
 publisher = {Curran Associates, Inc.},
 title = {Provable Certificates for Adversarial Examples: Fitting a Ball in the Union of Polytopes},
 url = {https://proceedings.neurips.cc/paper/2019/file/ae3f4c649fb55c2ee3ef4d1abdb79ce5-Paper.pdf},
 volume = {32},
 year = {2019}
}

@inproceedings{yang2021bodmas,
  title = {{{BODMAS}}: {{An Open Dataset}} for {{Learning}} Based {{Temporal Analysis}} of {{PE Malware}}},
  shorttitle = {{{BODMAS}}},
  booktitle = {2021 {{IEEE Security}} and {{Privacy Workshops}} ({{SPW}})},
  author = {Yang, Limin and Ciptadi, Arridhana and Laziuk, Ihar and Ahmadzadeh, Ali and Wang, Gang},
  date = {2021-05},
  pages = {78--84},
  publisher = {{IEEE}},
  location = {{San Francisco, CA, USA}},
  doi = {10.1109/SPW53761.2021.00020}
}

@inproceedings{madry2018deep,
  title = {Towards Deep Learning Models Resistant to Adversarial Attacks},
  booktitle = {6th International Conference on Learning Representations},
  author = {Madry, Aleksander and Makelov, Aleksandar and Schmidt, Ludwig and Tsipras, Dimitris and Vladu, Adrian},
  date = {2018},
  publisher = {OpenReview.net}
}



@article{tu2022debtfree,
  title={DebtFree: minimizing labeling cost in self-admitted technical debt identification using semi-supervised learning},
  author={Tu, Huy and Menzies, Tim},
  journal={Empirical Software Engineering},
  volume={27},
  number={4},
  pages={1--37},
  year={2022},
  publisher={Springer}
}

@article{shu2022reducing,
  title={Reducing the Cost of Training Security Classifier (via Optimized Semi-Supervised Learning)},
  author={Shu, Rui and Xia, Tianpei and Tu, Huy and Williams, Laurie and Menzies, Tim},
  journal={arXiv preprint arXiv:2205.00665},
  year={2022}
}


@inproceedings{xiao2021nondeterministic,
  title={Nondeterministic Impact of CPU Multithreading on Training Deep Learning Systems.},
  author={Xiao, Guanping and Liu, Jun and Zheng, Zheng and Sui, Yulei},
  booktitle={ISSRE},
  pages={557--568},
  year={2021}
}

@inproceedings{du2020fault,
  title={Fault triggers in the tensorflow framework: an experience report},
  author={Du, Xiaoting and Xiao, Guanping and Sui, Yulei},
  booktitle={2020 IEEE 31st International Symposium on Software Reliability Engineering (ISSRE)},
  pages={1--12},
  year={2020},
  organization={IEEE}
}

@article{menzies2012promise,
  title={The promise repository of empirical software engineering data},
  author={Menzies, Tim and Caglayan, Bora and Kocaguneli, Ekrem and Krall, Joe and Peters, Fayola and Turhan, Burak},
  journal={West Virginia University, Department of Computer Science},
  year={2012}
}

@article{agrawal2018wrong,
  title={What is wrong with topic modeling? And how to fix it using search-based software engineering},
  author={Agrawal, Amritanshu and Fu, Wei and Menzies, Tim},
  journal={Information and Software Technology},
  volume={98},
  pages={74--88},
  year={2018},
  publisher={Elsevier}
}

@article{zhang2019familial,
  title={Familial clustering for weakly-labeled android malware using hybrid representation learning},
  author={Zhang, Yanxin and Sui, Yulei and Pan, Shirui and Zheng, Zheng and Ning, Baodi and Tsang, Ivor and Zhou, Wanlei},
  journal={IEEE Transactions on Information Forensics and Security},
  volume={15},
  pages={3401--3414},
  year={2019},
  publisher={IEEE}
}


@inproceedings{athalye2018obfuscated,
  title={Obfuscated gradients give a false sense of security: Circumventing defenses to adversarial examples},
  author={Athalye, Anish and Carlini, Nicholas and Wagner, David},
  booktitle={International conference on machine learning},
  pages={274--283},
  year={2018},
  organization={PMLR}
}


@online{KaggleTraffic,
  title = {{{Kaggle - Traffic Prediction Dataset}}},
    year = {2021},
    url = {https://www.kaggle.com/datasets/fedesoriano/traffic-prediction-dataset},
  urldate = {2022-06-29}
}


@online{GitHubClickbait,
  title = {{{Github - saurabhmathur96/clickbait-detector: Detects clickbait headlines using deep learning}}},
    year = {2021},
    url = {https://github.com/saurabhmathur96/clickbait-detector},
  urldate = {2022-06-29}
}

@online{GitHubKeyword,
  title = {{{GitHub - castorini/honk: PyTorch implementations of neural network models for keyword spotting}}},
    year = {2021},
    url = {https: //github.com/castorini/honk},
  urldate = {2022-06-29}
}

@online{csiromission,
  title = {{{Partner with us to tackle Australia’s greatest challenges}}},
    year = {2022},
    url = {https://www.csiro.au/en/about/challenges-missions}
}


@inproceedings{schneider2020improving,
  title = {Improving Robustness against Common Corruptions by Covariate Shift Adaptation},
  booktitle = {Advances in {{Neural Information Processing Systems}}},
  author = {Schneider, Steffen and Rusak, Evgenia and Eck, Luisa and Bringmann, Oliver and Brendel, Wieland and Bethge, Matthias},
  date = {2020},
  volume = {33},
  pages = {11539--11551},
  publisher = {{Curran Associates, Inc.}}
}

@inproceedings{tripuraneni2021overparameterization,
  title = {Overparameterization {{Improves Robustness}} to {{Covariate Shift}} in {{High Dimensions}}},
  booktitle = {Advances in {{Neural Information Processing Systems}}},
  author = {Tripuraneni, Nilesh and Adlam, Ben and Pennington, Jeffrey},
  date = {2021},
  volume = {34},
  pages = {13883--13897},
  publisher = {{Curran Associates, Inc.}}
}


@article{xia2022sequential,
  title = {Sequential {{Model Optimization}} for {{Software Effort Estimation}}},
  author = {Xia, Tianpei and Shu, Rui and Shen, Xipeng and Menzies, Tim},
  date = {2022-06},
  journaltitle = {IEEE Transactions on Software Engineering},
  volume = {48},
  number = {6},
  pages = {1994--2009},
  doi = {10.1109/TSE.2020.3047072}
}



@article{zhang2020familial,
  title = {Familial {{Clustering}} for {{Weakly-Labeled Android Malware Using Hybrid Representation Learning}}},
  author = {Zhang, Yanxin and Sui, Yulei and Pan, Shirui and Zheng, Zheng and Ning, Baodi and Tsang, Ivor and Zhou, Wanlei},
  date = {2020},
  journaltitle = {IEEE Transactions on Information Forensics and Security},
  shortjournal = {IEEE T Inf Foren Sec},
  volume = {15},
  pages = {3401--3414},
  doi = {10.1109/TIFS.2019.2947861}
}

@inproceedings{severyn2015twitter,
  title={Twitter sentiment analysis with deep convolutional neural networks},
  author={Severyn, Aliaksei and Moschitti, Alessandro},
  booktitle={Proceedings of the 38th international ACM SIGIR conference on research and development in information retrieval},
  pages={959--962},
  year={2015}
}

@inproceedings{jiang2020robust,
  title = {Robust {{Pre-Training}} by {{Adversarial Contrastive Learning}}},
  booktitle = {Advances in {{Neural Information Processing Systems}}},
  author = {Jiang, Ziyu and Chen, Tianlong and Chen, Ting and Wang, Zhangyang},
  date = {2020},
  volume = {33},
  pages = {16199--16210},
  publisher = {{Curran Associates, Inc.}}
}



@inproceedings{jeddi2020learn2perturb,
  title = {{{Learn2Perturb}}: {{An End-to-End Feature Perturbation Learning}} to {{Improve Adversarial Robustness}}},
  shorttitle = {{{Learn2Perturb}}},
  booktitle = {2020 {{IEEE}}/{{CVF Conference}} on {{Computer Vision}} and {{Pattern Recognition}} ({{CVPR}})},
  author = {Jeddi, Ahmadreza and Shafiee, Mohammad Javad and Karg, Michelle and Scharfenberger, Christian and Wong, Alexander},
  date = {2020-06},
  pages = {1238--1247},
  publisher = {{IEEE}},
  location = {{Seattle, WA, USA}},
  doi = {10.1109/CVPR42600.2020.00132}
}


@article{abadi2016tensorflow,
  title={Tensorflow: Large-scale machine learning on heterogeneous distributed systems},
  author={Abadi, Mart{\'\i}n and Agarwal, Ashish and Barham, Paul and Brevdo, Eugene and Chen, Zhifeng and Citro, Craig and Corrado, Greg S and Davis, Andy and Dean, Jeffrey and Devin, Matthieu and others},
  journal={arXiv preprint arXiv:1603.04467},
  year={2016}
}

@inproceedings{jia2014caffe,
  title={Caffe: Convolutional architecture for fast feature embedding},
  author={Jia, Yangqing and Shelhamer, Evan and Donahue, Jeff and Karayev, Sergey and Long, Jonathan and Girshick, Ross and Guadarrama, Sergio and Darrell, Trevor},
  booktitle={Proceedings of the 22nd ACM international conference on Multimedia},
  pages={675--678},
  year={2014}
}

@inproceedings{inoue2020semi,
  title={Semi-supervised contrastive learning with generalized contrastive loss and its application to speaker recognition},
  author={Inoue, Nakamasa and Goto, Keita},
  booktitle={2020 Asia-Pacific Signal and Information Processing Association Annual Summit and Conference (APSIPA ASC)},
  pages={1641--1646},
  year={2020},
  organization={IEEE}
}
@inproceedings{arazo2020pseudo,
  title={Pseudo-labeling and confirmation bias in deep semi-supervised learning},
  author={Arazo, Eric and Ortego, Diego and Albert, Paul and O’Connor, Noel E and McGuinness, Kevin},
  booktitle={2020 International Joint Conference on Neural Networks (IJCNN)},
  pages={1--8},
  year={2020},
  organization={IEEE}
}

@article{khosla2020supervised,
  title={Supervised contrastive learning},
  author={Khosla, Prannay and Teterwak, Piotr and Wang, Chen and Sarna, Aaron and Tian, Yonglong and Isola, Phillip and Maschinot, Aaron and Liu, Ce and Krishnan, Dilip},
  journal={Advances in Neural Information Processing Systems},
  volume={33},
  pages={18661--18673},
  year={2020}
}
@article{odena2016semi,
  title={Semi-supervised learning with generative adversarial networks},
  author={Odena, Augustus},
  journal={arXiv preprint arXiv:1606.01583},
  year={2016}
}
@article{chen2020big,
  title={Big self-supervised models are strong semi-supervised learners},
  author={Chen, Ting and Kornblith, Simon and Swersky, Kevin and Norouzi, Mohammad and Hinton, Geoffrey E},
  journal={Advances in neural information processing systems},
  volume={33},
  pages={22243--22255},
  year={2020}
}
@article{paszke2017automatic,
  title={Automatic differentiation in pytorch},
  author={Paszke, Adam and Gross, Sam and Chintala, Soumith and Chanan, Gregory and Yang, Edward and DeVito, Zachary and Lin, Zeming and Desmaison, Alban and Antiga, Luca and Lerer, Adam},
  year={2017}
}


@article{denil2013predicting,
  title={Predicting parameters in deep learning},
  author={Denil, Misha and Shakibi, Babak and Dinh, Laurent and Ranzato, Marc'Aurelio and De Freitas, Nando},
  journal={Advances in neural information processing systems},
  volume={26},
  year={2013}
}


@article{han2015learning,
  title={Learning both weights and connections for efficient neural network},
  author={Han, Song and Pool, Jeff and Tran, John and Dally, William},
  journal={Advances in neural information processing systems},
  volume={28},
  year={2015}
}

@inproceedings{luo2017thinet,
  title={Thinet: A filter level pruning method for deep neural network compression},
  author={Luo, Jian-Hao and Wu, Jianxin and Lin, Weiyao},
  booktitle={Proceedings of the IEEE international conference on computer vision},
  pages={5058--5066},
  year={2017}
}

@article{ullrich2017soft,
  title={Soft weight-sharing for neural network compression},
  author={Ullrich, Karen and Meeds, Edward and Welling, Max},
  journal={arXiv preprint arXiv:1702.04008},
  year={2017}
}

@inproceedings{narayanan2019pipedream,
  title={PipeDream: generalized pipeline parallelism for DNN training},
  author={Narayanan, Deepak and Harlap, Aaron and Phanishayee, Amar and Seshadri, Vivek and Devanur, Nikhil R and Ganger, Gregory R and Gibbons, Phillip B and Zaharia, Matei},
  booktitle={Proceedings of the 27th ACM Symposium on Operating Systems Principles},
  pages={1--15},
  year={2019}
}


@article{hannun2019cardiologistlevel,
  title = {Cardiologist-{{Level Arrhythmia Detection}} and {{Classification}} in {{Ambulatory Electrocardiograms Using}} a {{Deep Neural Network}}},
  author = {Hannun, Awni Y. and Rajpurkar, Pranav and Haghpanahi, Masoumeh and Tison, Geoffrey H. and Bourn, Codie and Turakhia, Mintu P. and Ng, Andrew Y.},
  date = {2019-01},
  journaltitle = {Nature medicine},
  shortjournal = {Nat Med},
  volume = {25},
  number = {1},
  eprint = {30617320},
  eprinttype = {pmid},
  pages = {65--69},
  doi = {10.1038/s41591-018-0268-3},
  pmcid = {PMC6784839}
}

@article{wang2020deep,
  title = {Deep {{Multi-Scale Fusion Neural Network}} for {{Multi-Class Arrhythmia Detection}}},
  author = {Wang, Ruxin and Fan, Jianping and Li, Ye},
  date = {2020-09},
  journaltitle = {IEEE Journal of Biomedical and Health Informatics},
  volume = {24},
  number = {9},
  pages = {2461--2472},
  doi = {10.1109/JBHI.2020.2981526}
}



@online{DataKeyword,
  title = {{{Google - Speech Commands Dataset}}},
    year = {2017},
    url = {https://ai.googleblog.com/2017/08/launching-speech-commands-dataset.html},
  urldate = {2022-06-29}
}

@article{finlayson2019adversarial,
  title={Adversarial attacks on medical machine learning},
  author={Finlayson, Samuel G and Bowers, John D and Ito, Joichi and Zittrain, Jonathan L and Beam, Andrew L and Kohane, Isaac S},
  journal={Science},
  volume={363},
  number={6433},
  pages={1287--1289},
  year={2019},
  publisher={American Association for the Advancement of Science}
}

@article{wang2019security,
  title={The security of machine learning in an adversarial setting: A survey},
  author={Wang, Xianmin and Li, Jing and Kuang, Xiaohui and Tan, Yu-an and Li, Jin},
  journal={Journal of Parallel and Distributed Computing},
  volume={130},
  pages={12--23},
  year={2019},
  publisher={Elsevier}
}

@article{chen2020simple,
  title={A Simple Framework for Contrastive Learning of Visual Representations},
  author={Chen, Ting and Kornblith, Simon and Norouzi, Mohammad and Hinton, Geoffrey},
  journal={arXiv preprint arXiv:2002.05709},
  year={2020}
}


@inproceedings{he2020momentum,
  title={Momentum contrast for unsupervised visual representation learning},
  author={He, Kaiming and Fan, Haoqi and Wu, Yuxin and Xie, Saining and Girshick, Ross},
  booktitle={Proceedings of the IEEE/CVF conference on computer vision and pattern recognition},
  pages={9729--9738},
  year={2020}
}


@inproceedings{ghaderi2017deep,
  title = {Deep {{Forecast}}:  {{Deep Learning-based Spatio-Temporal Forecasting}}},
  booktitle = {The 34th {{International Conference}} on {{Machine Learning}} ({{ICML}}), {{Time}} Series {{Workshop}}},
  author = {Ghaderi, Amir and Sanandaji, Borhan M and Ghaderi, Faezeh},
  year = {2017},
  pages = {6},
  location = {{Sydney, Australia}}
}


@inproceedings{glorot2010understanding,
  title = {Understanding the Difficulty of Training Deep Feedforward Neural Networks},
  booktitle = {Proceedings of the {{Thirteenth International Conference}} on {{Artificial Intelligence}} and {{Statistics}}},
  author = {Glorot, Xavier and Bengio, Yoshua},
  date = {2010-03-31},
  pages = {249--256},
  publisher = {{JMLR Workshop and Conference Proceedings}}
}

@inproceedings{he2015delving,
  title = {Delving {{Deep}} into {{Rectifiers}}: {{Surpassing Human-Level Performance}} on {{ImageNet Classification}}},
  shorttitle = {Delving {{Deep}} into {{Rectifiers}}},
  booktitle = {2015 {{IEEE International Conference}} on {{Computer Vision}} ({{ICCV}})},
  author = {He, Kaiming and Zhang, Xiangyu and Ren, Shaoqing and Sun, Jian},
  date = {2015},
  pages = {1026--1034},
  doi = {10.1109/ICCV.2015.123}
}


 @inproceedings{cai2020once,
  title={Once for All: Train One Network and Specialize it for Efficient Deployment},
  author={Han Cai and Chuang Gan and Tianzhe Wang and Zhekai Zhang and Song Han},
  booktitle={International Conference on Learning Representations},
  year={2020},
  url={https://arxiv.org/pdf/1908.09791.pdf}
}


@inproceedings{wang2020apq,
  title={Apq: Joint search for network architecture, pruning and quantization policy},
  author={Wang, Tianzhe and Wang, Kuan and Cai, Han and Lin, Ji and Liu, Zhijian and Wang, Hanrui and Lin, Yujun and Han, Song},
  booktitle={Proceedings of the IEEE/CVF Conference on Computer Vision and Pattern Recognition},
  pages={2078--2087},
  year={2020}
}


@article{AdvHat,
  author    = {Stepan Komkov and
               Aleksandr Petiushko},
  title     = {AdvHat: Real-world adversarial attack on ArcFace Face {ID} system},
  journal   = {CoRR},
  volume    = {abs/1908.08705},
  year      = {2019},
  url       = {http://arxiv.org/abs/1908.08705}
}


@article{crawford2016there,
  title={There is a blind spot in AI research},
  author={Crawford, Kate and Calo, Ryan},
  journal={Nature},
  volume={538},
  number={7625},
  pages={311--313},
  year={2016},
  publisher={Nature Publishing Group}
}


@inproceedings{doersch2015unsupervised,
  title={Unsupervised visual representation learning by context prediction},
  author={Doersch, Carl and Gupta, Abhinav and Efros, Alexei A},
  booktitle={Proceedings of the IEEE international conference on computer vision},
  pages={1422--1430},
  year={2015}
}



@article{shu2022dazzle,
  title={Dazzle: Using Optimized Generative Adversarial Networks to Address Security Data Class Imbalance Issue},
  author={Shu, Rui and Xia, Tianpei and Williams, Laurie and Menzies, Tim},
  journal={arXiv preprint arXiv:2203.11410},
  year={2022}
}

@inproceedings{bircanouglu2018recyclenet,
  title={RecycleNet: Intelligent waste sorting using deep neural networks},
  author={Bircano{\u{g}}lu, Cenk and Atay, Meltem and Be{\c{s}}er, Fuat and Gen{\c{c}}, {\"O}zg{\"u}n and K{\i}zrak, Merve Ayy{\"u}ce},
  booktitle={2018 Innovations in intelligent systems and applications (INISTA)},
  pages={1--7},
  year={2018},
  organization={IEEE}
}

@online{DataTrashNet,
  title = {{{Trashnet}}},
    year = {2017},
    url = {https://github.com/garythung/trashnet},
  urldate = {2022-06-29}
}


@inproceedings{Jia2019ParaforDNN,
 author = {Jia, Zhihao and Zaharia, Matei and Aiken, Alex},
 booktitle = {Proceedings of Machine Learning and Systems},
 editor = {A. Talwalkar and V. Smith and M. Zaharia},
 pages = {1--13},
 title = {Beyond Data and Model Parallelism for Deep Neural Networks},
 url = {https://proceedings.mlsys.org/paper/2019/file/c74d97b01eae257e44aa9d5bade97baf-Paper.pdf},
 volume = {1},
 year = {2019}
}

@inproceedings{Peng2019DNNaccelerate,
author = {Peng, Yanghua and Zhu, Yibo and Chen, Yangrui and Bao, Yixin and Yi, Bairen and Lan, Chang and Wu, Chuan and Guo, Chuanxiong},
title = {A Generic Communication Scheduler for Distributed DNN Training Acceleration},
year = {2019},
isbn = {9781450368735},
publisher = {Association for Computing Machinery},
url = {https://doi.org/10.1145/3341301.3359642},
doi = {10.1145/3341301.3359642},
booktitle = {Proceedings of the 27th ACM Symposium on Operating Systems Principles},
pages = {16–29},
numpages = {14},
series = {SOSP '19}
}


@inproceedings{goodfellow2015explaining,
  title = {Explaining and Harnessing Adversarial Examples},
  booktitle = {3rd International Conference on Learning Representations},
  author = {Goodfellow, Ian J. and Shlens, Jonathon and Szegedy, Christian},
  date = {2015},
  bibsource = {dblp computer science bibliography, https://dblp.org},
  biburl = {https://dblp.org/rec/journals/corr/GoodfellowSS14.bib}
}


@article{huang2015learning,
  title={Learning with a strong adversary},
  author={Huang, Ruitong and Xu, Bing and Schuurmans, Dale and Szepesv{\'a}ri, Csaba},
  journal={arXiv preprint arXiv:1511.03034},
  year={2015}
}


@article{zhang2022robustness,
  title = {Towards {{Robustness}} of {{Deep Program Processing Models}} - {{Detection}}, {{Estimation}}, and {{Enhancement}}},
  author = {Zhang, Huangzhao and Fu, Zhiyi and Li, Ge and Ma, Lei and Zhao, Zhehao and Yang, Hua’an and Sun, Yizhe and Liu, Yang and Jin, Zhi},
  date = {2022-04-09},
  journaltitle = {ACM Transactions on Software Engineering and Methodology},
  shortjournal = {Acm T Softw Eng Meth},
  volume = {31},
  number = {3},
  pages = {1--40},
}


@inproceedings{puasuareanu2020probabilistic,
  title={On the probabilistic analysis of neural networks},
  author={P{\u{a}}s{\u{a}}reanu, Corina and Converse, Hayes and Filieri, Antonio and Gopinath, Divya},
  booktitle={Proceedings of the IEEE/ACM 15th International Symposium on Software Engineering for Adaptive and Self-Managing Systems},
  pages={5--8},
  year={2020}
}

@article{shu2022omni,
  title={Omni: automated ensemble with unexpected models against adversarial evasion attack},
  author={Shu, Rui and Xia, Tianpei and Williams, Laurie and Menzies, Tim},
  journal={Empirical Software Engineering},
  volume={27},
  number={1},
  pages={1--32},
  year={2022},
  publisher={Springer}
}

@article{tu2020better,
  title={Better data labelling with emblem (and how that impacts defect prediction)},
  author={Tu, Huy and Yu, Zhe and Menzies, Tim},
  journal={IEEE Transactions on Software Engineering},
  volume={48},
  number={1},
  pages={278--294},
  year={2022},
  publisher={IEEE}
}

@article{hu2022codes,
  title={CodeS: A Distribution Shift Benchmark Dataset for Source Code Learning},
  author={Hu, Qiang and Guo, Yuejun and Xie, Xiaofei and Cordy, Maxime and Ma, Lei and Papadakis, Mike and Traon, Yves Le},
  journal={arXiv preprint arXiv:2206.05480},
  year={2022}
}

@inproceedings{papernot2016limitations,
  title={The limitations of deep learning in adversarial settings},
  author={Papernot, Nicolas and McDaniel, Patrick and Jha, Somesh and Fredrikson, Matt and Celik, Z Berkay and Swami, Ananthram},
  booktitle={2016 IEEE European symposium on security and privacy (EuroS\&P)},
  pages={372--387},
  year={2016},
  organization={IEEE}
}

@inproceedings{he2018amc,
  title={Amc: Automl for model compression and acceleration on mobile devices},
  author={He, Yihui and Lin, Ji and Liu, Zhijian and Wang, Hanrui and Li, Li-Jia and Han, Song},
  booktitle={Proceedings of the European conference on computer vision (ECCV)},
  pages={784--800},
  year={2018}
}

@inproceedings{wang2019haq,
  title={Haq: Hardware-aware automated quantization with mixed precision},
  author={Wang, Kuan and Liu, Zhijian and Lin, Yujun and Lin, Ji and Han, Song},
  booktitle={Proceedings of the IEEE/CVF Conference on Computer Vision and Pattern Recognition},
  pages={8612--8620},
  year={2019}
}

@article{kang2019decoupling,
  title={Decoupling representation and classifier for long-tailed recognition},
  author={Kang, Bingyi and Xie, Saining and Rohrbach, Marcus and Yan, Zhicheng and Gordo, Albert and Feng, Jiashi and Kalantidis, Yannis},
  journal={arXiv preprint arXiv:1910.09217},
  year={2019}
}

@article{han2015deep,
  title={Deep compression: Compressing deep neural networks with pruning, trained quantization and huffman coding},
  author={Han, Song and Mao, Huizi and Dally, William J},
  journal={arXiv preprint arXiv:1510.00149},
  year={2015}
}

@inproceedings{al-dujaili2018adversariala,
  title = {Adversarial Deep Learning for Robust Detection of Binary Encoded Malware},
  booktitle = {2018 {{IEEE}} Security and Privacy Workshops},
  author = {Al-Dujaili, Abdullah and Huang, Alex and Hemberg, Erik and O'Reilly, Una-May},
  date = {2018},
  location = { San Francisco, {{CA}}, {{USA}}},
  pages = {76--82},
  publisher = {{IEEE Computer Society}},
  doi = {10.1109/SPW.2018.00020}
}

@inproceedings{chen2018ead,
  title = {{{EAD}}: {{Elastic-net}} Attacks to Deep Neural Networks via Adversarial Examples},
  booktitle = {Proceedings of the Thirty-Second {{AAAI}} Conference on Artificial Intelligence, ({{AAAI-18}})},
  author = {Chen, Pin-Yu and Sharma, Yash and Zhang, Huan and Yi, Jinfeng and Hsieh, Cho-Jui},
  date = {2018},
  pages = {10--17},
  location = {New Orleans, Louisiana, {{USA}}},
  publisher = {{AAAI Press}}
}

@article{haykin2004comprehensive,
  title={A comprehensive foundation},
  author={Haykin, Simon and Network, N},
  journal={Neural networks},
  volume={2},
  number={2004},
  pages={41},
  year={2004}
}

@article{saxe2013exact,
  title={Exact solutions to the nonlinear dynamics of learning in deep linear neural networks},
  author={Saxe, Andrew M and McClelland, James L and Ganguli, Surya},
  journal={arXiv preprint arXiv:1312.6120},
  year={2013}
}


@article{trashnet,
  title={Classification of trash for recyclability status},
  author={Yang, Mindy and Thung, Gary},
  journal={CS229 project report},
  volume={2016},
  number={1},
  pages={3},
  year={2016},
  publisher={Publisher Name San Francisco, CA, USA}
}

@inbook{Recyclnet,
author = {Hu, Yiqing and Zheng, Yan and Jiang, Xinghua and Liu, Hao and Jiang, Deqiang and Liu, Yinsong and Ren, Bo and Ji, Rongrong},
title = {RecycleNet: An Overlapped Text Instance Recovery Approach},
year = {2021},
isbn = {9781450386517},
publisher = {Association for Computing Machinery},
address = {New York, NY, USA},
url = {https://doi.org/10.1145/3474085.3481536},
booktitle = {Proceedings of the 29th ACM International Conference on Multimedia},
pages = {1102–1110},
numpages = {9}
}

@inproceedings{food101,
  title = {Food-101 -- Mining Discriminative Components with Random Forests},
  author = {Bossard, Lukas and Guillaumin, Matthieu and Van Gool, Luc},
  booktitle = {European Conference on Computer Vision},
  year = {2014}
}

@article{MNIST,
  title={Gradient-based learning applied to document recognition},
  author={LeCun, Yann and Bottou, L{\'e}on and Bengio, Yoshua and Haffner, Patrick},
  journal={Proceedings of the IEEE},
  volume={86},
  number={11},
  pages={2278--2324},
  year={1998},
  publisher={Ieee}
}

@online{F-MNIST,
  author       = {Han Xiao and Kashif Rasul and Roland Vollgraf},
  title        = {Fashion-MNIST: a Novel Image Dataset for Benchmarking Machine Learning Algorithms},
  date         = {2017-08-28},
  year         = {2017},
  eprintclass  = {cs.LG},
  eprinttype   = {arXiv},
  eprint       = {cs.LG/1708.07747},
}

@inproceedings{ghaderi2017deepforecast,
  title={Deep Forecast: Deep Learning-based Spatio-Temporal Forecasting},
  author={Ghaderi, Amir and Sanandaji, Borhan M and Ghaderi, Faezeh},
  booktitle={The 34th International Conference on Machine Learning (ICML), Time series Workshop},
  year={2017}
}
@online{RecycleNet_trash_images,
title={RecycleNet Trash Images},
url = {https://github.com/sangminwoo/RecycleNet}
}
@online{Deep-forecast-turkey-2016,
title={Deep Forecast Turkey 2016},
url={https://github.com/Wizaron/deep-forecast-pytorch}
}

@inproceedings{baluta2019quantitative,
  title={Quantitative verification of neural networks and its security applications},
  author={Baluta, Teodora and Shen, Shiqi and Shinde, Shweta and Meel, Kuldeep S and Saxena, Prateek},
  booktitle={Proceedings of the 2019 ACM SIGSAC Conference on Computer and Communications Security},
  pages={1249--1264},
  year={2019}
}

@inproceedings{zhang2021bdd4bnn,
  title={BDD4BNN: a BDD-based quantitative analysis framework for binarized neural networks},
  author={Zhang, Yedi and Zhao, Zhe and Chen, Guangke and Song, Fu and Chen, Taolue},
  booktitle={International Conference on Computer Aided Verification},
  pages={175--200},
  year={2021},
  organization={Springer}
}


@inproceedings{jia2021exploiting,
  title={Exploiting verified neural networks via floating point numerical error},
  author={Jia, Kai and Rinard, Martin},
  booktitle={International Static Analysis Symposium},
  pages={191--205},
  year={2021},
  organization={Springer}
}

% following is for "6 Prior Results"

@article{krishna2018bellwethers,
  title={Bellwethers: A baseline method for transfer learning},
  author={Krishna, Rahul and Menzies, Tim},
  journal={IEEE Transactions on Software Engineering},
  volume={45},
  number={11},
  pages={1081--1105},
  year={2018},
  publisher={IEEE}
}

@inproceedings{peters2015lace2,
  title={LACE2: Better privacy-preserving data sharing for cross project defect prediction},
  author={Peters, Fayola and Menzies, Tim and Layman, Lucas},
  booktitle={2015 IEEE/ACM 37th IEEE International Conference on Software Engineering},
  volume={1},
  pages={801--811},
  year={2015},
  organization={IEEE}
}


@inproceedings{he13,
  title={Learning from open-source projects: An empirical study on defect prediction},
  author={He, Zhimin and Peters, Fayola and Menzies, Tim and Yang, Ye},
  booktitle={Empirical Software Engineering and Measurement, 2013 ACM/IEEE International Symposium on},
  pages={45--54},
  year={2013},
  organization={IEEE}
}

@article{Me17,
  title={Are delayed issues harder to resolve? Revisiting cost-to-fix of defects throughout the lifecycle},
  author={Menzies, Tim and Nichols, William and Shull, Forrest and Layman, Lucas},
  journal={Empirical Software Engineering},
  volume={22},
  number={4},
  pages={1903--1935},
  year={2017},
  publisher={Springer}
}

@article{Fu2016Tuning,
  title={Tuning for software analytics: Is it really necessary?},
  author={W. Fu and T. Menzies and X. Shen},
  journal={IST},
  year={2016},
  volume={76},
  pages={135-146}
}

@article{krishna2017learning, 
  title={Learning Effective Changes For Software Projects},
  author={Krishna, Rahul and Menzies, Tim},
  journal={arXiv preprint arXiv:1708.05442. Under review; IEEE TSE},
  year={2017}
}

@article{krishna2020whence,
  title={Whence to Learn? Transferring Knowledge in Configurable Systems using BEETLE},
  author={Krishna, R. and Nair, V. and Jamshidi, P. and Menzies, T.},
  journal={TSE},
  year={2020},
}

@article{nguyen2019self,
  title={Self: Learning to filter noisy labels with self-ensembling},
  author={Nguyen, Duc Tam and Mummadi, Chaithanya Kumar and Ngo, Thi Phuong Nhung and Nguyen, Thi Hoai Phuong and Beggel, Laura and Brox, Thomas},
  journal={arXiv preprint arXiv:1910.01842},
  year={2019}
}

@article{zhang2021understanding,
  title={Understanding deep learning (still) requires rethinking generalization},
  author={Zhang, Chiyuan and Bengio, Samy and Hardt, Moritz and Recht, Benjamin and Vinyals, Oriol},
  journal={Communications of the ACM},
  volume={64},
  number={3},
  pages={107--115},
  year={2021},
  publisher={ACM New York, NY, USA}
}

% above is for "6 Prior Results"

@inproceedings{bodmas,
  title = {BODMAS: An Open Dataset for Learning based Temporal Analysis of PE Malware},
  author = {Yang, Limin and Ciptadi, Arridhana and Laziuk, Ihar and Ahmadzadeh, Ali and Wang, Gang},
  booktitle = {4th Deep Learning and Security Workshop},
  year = {2021}
}

@article{hannun2019cardiologist,
  title={Cardiologist-level arrhythmia detection and classification in ambulatory electrocardiograms using a deep neural network},
  author={Hannun, Awni Y and Rajpurkar, Pranav and Haghpanahi, Masoumeh and Tison, Geoffrey H and Bourn, Codie and Turakhia, Mintu P and Ng, Andrew Y},
  journal={Nature Medicine},
  volume={25},
  number={1},
  pages={65},
  year={2019},
  publisher={Nature Publishing Group}
}

@inproceedings{clifford2017af,
  title={AF classification from a short single lead ECG recording: The PhysioNet/computing in cardiology challenge 2017},
  author={Clifford, Gari D and Liu, Chengyu and Moody, Benjamin and Li-wei, H Lehman and Silva, Ikaro and Li, Qiao and Johnson, AE and Mark, Roger G},
  booktitle={2017 Computing in Cardiology (CinC)},
  pages={1--4},
  year={2017},
  organization={IEEE}
}
@article{harang2020sorel,
  title={SOREL-20M: A large scale benchmark dataset for malicious PE detection},
  author={Harang, Richard and Rudd, Ethan M},
  journal={arXiv preprint arXiv:2012.07634},
  year={2020}
}

@article{krizhevsky2009learning,
  title={Learning multiple layers of features from tiny images},
  author={Krizhevsky, Alex and Hinton, Geoffrey and others},
  year={2009},
  publisher={Citeseer}
}

@inproceedings{zagoruyko2016wide,
  title={Wide Residual Networks},
  author={Zagoruyko, Sergey and Komodakis, Nikos},
  booktitle={British Machine Vision Conference 2016},
  year={2016},
  organization={British Machine Vision Association}
}

@article{lecun1998gradient,
  title={Gradient-based learning applied to document recognition},
  author={LeCun, Yann and Bottou, L{\'e}on and Bengio, Yoshua and Haffner, Patrick},
  journal={Proceedings of the IEEE},
  volume={86},
  number={11},
  pages={2278--2324},
  year={1998},
  publisher={Ieee}
}

@article{ren2019likelihood,
  title={Likelihood ratios for out-of-distribution detection},
  author={Ren, Jie and Liu, Peter J and Fertig, Emily and Snoek, Jasper and Poplin, Ryan and Depristo, Mark and Dillon, Joshua and Lakshminarayanan, Balaji},
  journal={Advances in neural information processing systems},
  volume={32},
  year={2019}
}

@article{kiefer1952stochastic,
  title={Stochastic estimation of the maximum of a regression function},
  author={Kiefer, Jack and Wolfowitz, Jacob},
  journal={The Annals of Mathematical Statistics},
  pages={462--466},
  year={1952},
  publisher={JSTOR}
}

@article{kingma2014adam,
  title={Adam: A method for stochastic optimization},
  author={Kingma, Diederik P and Ba, Jimmy},
  journal={arXiv preprint arXiv:1412.6980},
  year={2014}
}

@article{graves2013generating,
  title={Generating sequences with recurrent neural networks},
  author={Graves, Alex},
  journal={arXiv preprint arXiv:1308.0850},
  year={2013}
}


@article{hendrycks2016gaussian,
  title={Gaussian error linear units (gelus)},
  author={Hendrycks, Dan and Gimpel, Kevin},
  journal={arXiv preprint arXiv:1606.08415},
  year={2016}
}

@article{clevert2015fast,
  title={Fast and accurate deep network learning by exponential linear units (elus)},
  author={Clevert, Djork-Arn{\'e} and Unterthiner, Thomas and Hochreiter, Sepp},
  journal={arXiv preprint arXiv:1511.07289},
  year={2015}
}

@article{soomro2012ucf101,
  title={UCF101: A dataset of 101 human actions classes from videos in the wild},
  author={Soomro, Khurram and Zamir, Amir Roshan and Shah, Mubarak},
  journal={arXiv preprint arXiv:1212.0402},
  year={2012}
}

@inproceedings{wu2020robustness,
  title={Robustness guarantees for deep neural networks on videos},
  author={Wu, Min and Kwiatkowska, Marta},
  booktitle={Proceedings of the IEEE/CVF Conference on Computer Vision and Pattern Recognition},
  pages={311--320},
  year={2020}
}

@inproceedings{cohen2017emnist,
  title={EMNIST: Extending MNIST to handwritten letters},
  author={Cohen, Gregory and Afshar, Saeed and Tapson, Jonathan and Van Schaik, Andre},
  booktitle={2017 international joint conference on neural networks (IJCNN)},
  pages={2921--2926},
  year={2017},
  organization={IEEE}
}

@article{le2015tiny,
  title={Tiny imagenet visual recognition challenge},
  author={Le, Ya and Yang, Xuan},
  journal={CS 231N},
  volume={7},
  number={7},
  pages={3},
  year={2015}
}

@misc{ChenReport,
  doi = {10.48550/ARXIV.2002.12543},
  
  url = {https://arxiv.org/abs/2002.12543},
  
  author = {Chen, T. Y. and Cheung, S. C. and Yiu, S. M.},
  
  keywords = {Software Engineering (cs.SE), FOS: Computer and information sciences, FOS: Computer and information sciences},
  
  title = {Metamorphic Testing: A New Approach for Generating Next Test Cases},
  
  publisher = {arXiv},
  
  year = {2020},
  
  copyright = {arXiv.org perpetual, non-exclusive license}
}


@inproceedings{DBLP:conf/ijcai/AwadMH21,
  author    = {Noor H. Awad and
               Neeratyoy Mallik and
               Frank Hutter},
  editor    = {Zhi{-}Hua Zhou},
  title     = {{DEHB:} Evolutionary Hyberband for Scalable, Robust and Efficient
               Hyperparameter Optimization},
  booktitle = {Proceedings of the Thirtieth International Joint Conference on Artificial
               Intelligence, {IJCAI} 2021, Virtual Event / Montreal, Canada, 19-27
               August 2021},
  pages     = {2147--2153},
  publisher = {ijcai.org},
  year      = {2021},
  url       = {https://doi.org/10.24963/ijcai.2021/296},
  doi       = {10.24963/ijcai.2021/296},
  timestamp = {Wed, 25 Aug 2021 17:11:16 +0200},
  biburl    = {https://dblp.org/rec/conf/ijcai/AwadMH21.bib},
  bibsource = {dblp computer science bibliography, https://dblp.org}
}

@book{price2006differential,
  title={Differential evolution: a practical approach to global optimization},
  author={Price, Kenneth and Storn, Rainer M and Lampinen, Jouni A},
  year={2006},
  publisher={Springer Science \& Business Media}
}

@article{liu2013effectively,
  title={How effectively does metamorphic testing alleviate the oracle problem?},
  author={Liu, Huai and Kuo, Fei-Ching and Towey, Dave and Chen, Tsong Yueh},
  journal={IEEE Transactions on Software Engineering},
  volume={40},
  number={1},
  pages={4--22},
  year={2013},
  publisher={IEEE}
}

@article{oliveira2014automated,
  title={Automated test oracles: State of the art, taxonomies, and trends},
  author={Oliveira, Rafael AP and Kanewala, Upulee and Nardi, Paulo A},
  journal={Advances in computers},
  volume={95},
  pages={113--199},
  year={2014},
  publisher={Elsevier}
}

@inproceedings{zhou2020empirical,
  title={An empirical study on robustness of DNNs with out-of-distribution awareness},
  author={Zhou, Lingjun and Yu, Bing and Berend, David and Xie, Xiaofei and Li, Xiaohong and Zhao, Jianjun and Liu, Xusheng},
  booktitle={2020 27th Asia-Pacific Software Engineering Conference (APSEC)},
  pages={266--275},
  year={2020},
  organization={IEEE}
}

@inproceedings{weng2020towards,
  title={Towards certificated model robustness against weight perturbations},
  author={Weng, Tsui-Wei and Zhao, Pu and Liu, Sijia and Chen, Pin-Yu and Lin, Xue and Daniel, Luca},
  booktitle={Proceedings of the AAAI Conference on Artificial Intelligence},
  volume={34},
  number={04},
  pages={6356--6363},
  year={2020}
}
@article{Gysel2018RistrettoAF,
  title={Ristretto: A Framework for Empirical Study of Resource-Efficient Inference in Convolutional Neural Networks},
  author={Philipp Gysel and Jon J. Pimentel and Mohammad Motamedi and Soheil Ghiasi},
  journal={IEEE Transactions on Neural Networks and Learning Systems},
  year={2018},
  volume={29},
  pages={5784-5789}
}

@inproceedings{jin2022f8net,
  title={{F8Net}: Fixed-Point 8-bit Only Multiplication for Network Quantization},
  author={Jin, Qing and Ren, Jian and Zhuang, Richard and Hanumante, Sumant and Li, Zhengang and Chen, Zhiyu and Wang, Yanzhi and Yang, Kaiyuan and Tulyakov, Sergey},
  booktitle={International Conference on Learning Representations},
  year={2022}
}

@article{grill2020bootstrap,
  title={Bootstrap your own latent-a new approach to self-supervised learning},
  author={Grill, Jean-Bastien and Strub, Florian and Altch{\'e}, Florent and Tallec, Corentin and Richemond, Pierre and Buchatskaya, Elena and Doersch, Carl and Avila Pires, Bernardo and Guo, Zhaohan and Gheshlaghi Azar, Mohammad and others},
  journal={Advances in neural information processing systems},
  volume={33},
  pages={21271--21284},
  year={2020}
}

@article{cianfarani2022understanding,
  title={Understanding Robust Learning through the Lens of Representation Similarities},
  author={Cianfarani, Christian and Bhagoji, Arjun Nitin and Sehwag, Vikash and Zhao, Ben and Mittal, Prateek},
  journal={arXiv preprint arXiv:2206.09868},
  year={2022}
}

@article{xiang2017exactreach,
  title={Reachable set computation and safety verification for neural networks with relu activations},
  author={Xiang, Weiming and Tran, Hoang-Dung and Johnson, Taylor T},
  journal={arXiv preprint arXiv:1712.08163},
  year={2017}
}

@inproceedings{gehr2018ai2,
  title={Ai2: Safety and robustness certification of neural networks with abstract interpretation},
  author={Gehr, Timon and Mirman, Matthew and Drachsler-Cohen, Dana and Tsankov, Petar and Chaudhuri, Swarat and Vechev, Martin},
  booktitle={2018 IEEE symposium on security and privacy (SP)},
  pages={3--18},
  year={2018},
  organization={IEEE}
}

@article{xiang2018maxsens,
  title={Output reachable set estimation and verification for multilayer neural networks},
  author={Xiang, Weiming and Tran, Hoang-Dung and Johnson, Taylor T},
  journal={IEEE transactions on neural networks and learning systems},
  volume={29},
  number={11},
  pages={5777--5783},
  year={2018},
  publisher={IEEE}
}

@article{lomuscio2017NSVerify,
  title={An approach to reachability analysis for feed-forward relu neural networks},
  author={Lomuscio, Alessio and Maganti, Lalit},
  journal={arXiv preprint arXiv:1706.07351},
  year={2017}
}

@article{tjeng2017MIPVerify,
  title={Evaluating robustness of neural networks with mixed integer programming},
  author={Tjeng, Vincent and Xiao, Kai and Tedrake, Russ},
  journal={arXiv preprint arXiv:1711.07356},
  year={2017}
}

@article{bastani2016ILP,
  title={Measuring neural net robustness with constraints},
  author={Bastani, Osbert and Ioannou, Yani and Lampropoulos, Leonidas and Vytiniotis, Dimitrios and Nori, Aditya and Criminisi, Antonio},
  journal={Advances in neural information processing systems},
  volume={29},
  year={2016}
}

@inproceedings{dvijotham2018duality,
  title={A Dual Approach to Scalable Verification of Deep Networks.},
  author={Dvijotham, Krishnamurthy and Stanforth, Robert and Gowal, Sven and Mann, Timothy A and Kohli, Pushmeet},
  booktitle={UAI},
  volume={1},
  number={2},
  pages={3},
  year={2018}
}

@inproceedings{wong2018ConvDual,
  title={Provable defenses against adversarial examples via the convex outer adversarial polytope},
  author={Wong, Eric and Kolter, Zico},
  booktitle={International Conference on Machine Learning},
  pages={5286--5295},
  year={2018},
  organization={PMLR}
}

@article{raghunathan2018certify,
  title={Certified defenses against adversarial examples},
  author={Raghunathan, Aditi and Steinhardt, Jacob and Liang, Percy},
  journal={arXiv preprint arXiv:1801.09344},
  year={2018}
}

@inproceedings{wang2018ReluVal,
  title={Formal security analysis of neural networks using symbolic intervals},
  author={Wang, Shiqi and Pei, Kexin and Whitehouse, Justin and Yang, Junfeng and Jana, Suman},
  booktitle={27th USENIX Security Symposium (USENIX Security 18)},
  pages={1599--1614},
  year={2018}
}

@inproceedings{weng2018fast,
  title={Towards fast computation of certified robustness for relu networks},
  author={Weng, Lily and Zhang, Huan and Chen, Hongge and Song, Zhao and Hsieh, Cho-Jui and Daniel, Luca and Boning, Duane and Dhillon, Inderjit},
  booktitle={International Conference on Machine Learning},
  pages={5276--5285},
  year={2018},
  organization={PMLR}
}

@article{dutta2017Sherlock,
  title={Output range analysis for deep neural networks},
  author={Dutta, Souradeep and Jha, Susmit and Sanakaranarayanan, Sriram and Tiwari, Ashish},
  journal={arXiv preprint arXiv:1709.09130},
  year={2017}
}

@article{bunel2018BaB,
  title={A unified view of piecewise linear neural network verification},
  author={Bunel, Rudy R and Turkaslan, Ilker and Torr, Philip and Kohli, Pushmeet and Mudigonda, Pawan K},
  journal={Advances in Neural Information Processing Systems},
  volume={31},
  year={2018}
}

@inproceedings{ehlers2017Planet,
  title={Formal verification of piece-wise linear feed-forward neural networks},
  author={Ehlers, Ruediger},
  booktitle={International Symposium on Automated Technology for Verification and Analysis},
  pages={269--286},
  year={2017},
  organization={Springer}
}

@inproceedings{yang2020automatic,
  title={Automatic neural network compression by sparsity-quantization joint learning: A constrained optimization-based approach},
  author={Yang, Haichuan and Gui, Shupeng and Zhu, Yuhao and Liu, Ji},
  booktitle={Proceedings of the IEEE/CVF Conference on Computer Vision and Pattern Recognition},
  pages={2178--2188},
  year={2020}
}


@article{tung2020deep,
  title={Deep neural network compression by in-parallel pruning-quantization},
  author={Tung, Frederick and Mori, Greg},
  journal={IEEE transactions on pattern analysis and machine intelligence},
  volume={42},
  number={3},
  pages={568--579},
  year={2020},
  publisher={IEEE}
}

@inproceedings{majumder2022methods,
  title={Methods for Stabilizing Models Across Large Samples of Projects (with case studies on Predicting Defect and Project Health)},
  author={Majumder, Suvodeep and Xia, Tianpei and Krishna, Rahul and Menzies, Tim},
  booktitle={2022 IEEE/ACM 19th International Conference on Mining Software Repositories (MSR)},
  pages={566--578},
  year={2022},
  organization={IEEE}
}

@INPROCEEDINGS{shumsr22,  
author={Shu, Rui and Xia, Tianpei and Williams, Laurie and Menzies, Tim}, booktitle={2022 IEEE/ACM 19th International Conference on Mining Software Repositories (MSR)},   
title={Dazzle: Using Optimized Generative Adversarial Networks to Address Security Data Class Imbalance Issue},   
year={2022},  
volume={},  
number={},  
pages={144-155},  
doi={10.1145/3524842.3528437}}


@article{nair2018finding,
  title={Finding faster configurations using flash},
  author={Nair, Vivek and Yu, Zhe and Menzies, Tim and Siegmund, Norbert and Apel, Sven},
  journal={IEEE Transactions on Software Engineering},
  volume={46},
  number={7},
  pages={794--811},
  year={2018},
  publisher={IEEE}
}

@inproceedings{jiang2018efficient,
  title={Efficient DNN Neuron Pruning by Minimizing Layer-wise Nonlinear Reconstruction Error.},
  author={Jiang, Chunhui and Li, Guiying and Qian, Chao and Tang, Ke},
  booktitle={IJCAI},
  volume={2018},
  pages={2--2},
  year={2018}
}

@article{denton2014exploiting,
  title={Exploiting linear structure within convolutional networks for efficient evaluation},
  author={Denton, Emily L and Zaremba, Wojciech and Bruna, Joan and LeCun, Yann and Fergus, Rob},
  journal={Advances in neural information processing systems},
  volume={27},
  year={2014}
}

@article{chung2014empirical,
  title={Empirical evaluation of gated recurrent neural networks on sequence modeling},
  author={Chung, Junyoung and Gulcehre, Caglar and Cho, KyungHyun and Bengio, Yoshua},
  journal={arXiv preprint arXiv:1412.3555},
  year={2014}
}


@article{zhang2019ssim,
  title={SSIM—A deep learning approach for recovering missing time series sensor data},
  author={Zhang, Yi-Fan and Thorburn, Peter J and Xiang, Wei and Fitch, Peter},
  journal={IEEE Internet of Things Journal},
  volume={6},
  number={4},
  pages={6618--6628},
  year={2019},
  publisher={IEEE}
}

@article{zhang2021dual,
  title={A dual-head attention model for time series data imputation},
  author={Zhang, Yifan and Thorburn, Peter J},
  journal={Computers and Electronics in Agriculture},
  volume={189},
  pages={106377},
  year={2021},
  publisher={Elsevier}
}